<?xml version="1.0" encoding="UTF-8"?><collection xmlns="http://www.loc.gov/MARC21/slim"><record><leader>00503nam--2200169-i-4500</leader><controlfield tag="001">000045132</controlfield><controlfield tag="002">20161230</controlfield><controlfield tag="005">20161230201044</controlfield><controlfield tag="008">060222s1000------------r-----000-0-fre-d</controlfield><datafield ind1=" " ind2=" " tag="040"><subfield code="a">IFIN-HH</subfield></datafield><datafield ind1=" " ind2=" " tag="041"><subfield code="a">fre</subfield></datafield><datafield ind1=" " ind2=" " tag="080"><subfield code="a">539.12.04:621.039.83</subfield></datafield><datafield ind1="1" ind2=" " tag="110"><subfield code="a">Agence Internationale De L'Energie Atomique</subfield></datafield><datafield ind1="1" ind2="0" tag="245"><subfield code="a">Traitement des denrees alimentaires par irradiation</subfield></datafield><datafield ind1=" " ind2=" " tag="260"><subfield code="a">Vienna</subfield><subfield code="b">Agence Internationale De L'Energie Atomique</subfield><subfield code="c">1984</subfield></datafield><datafield ind1=" " ind2=" " tag="852"><subfield code="a">71691</subfield><subfield code="c">539.12.04</subfield></datafield><datafield ind1=" " ind2=" " tag="CAT"><subfield code="a">Sys</subfield><subfield code="c">20120221</subfield><subfield code="h">165756</subfield></datafield></record></collection>